<?xml version="1.0" encoding="UTF-8"?>
<collection xmlns:xsi="http://www.w3.org/2001/XMLSchema-instance" xsi:schemaLocation="http://www.loc.gov/MARC21/slim http://www.loc.gov/standards/marcxml/schema/MARC21slim.xsd" xmlns="http://www.loc.gov/MARC21/slim">
<record>
  <leader>01218cam a2200253Ma 4500</leader>
  <controlfield tag="001">3054982</controlfield>
  <controlfield tag="003">NNC</controlfield>
  <controlfield tag="005">20130426014432.0</controlfield>
  <controlfield tag="008">930630s1925    sy            000 0 ara d</controlfield>
  <datafield tag="035" ind1=" " ind2=" ">
    <subfield code="a">(OCoLC)ocm35048729</subfield>
  </datafield>
  <datafield tag="035" ind1=" " ind2=" ">
    <subfield code="9">ATM3082CU</subfield>
  </datafield>
  <datafield tag="035" ind1=" " ind2=" ">
    <subfield code="a">(NNC)3054982</subfield>
  </datafield>
  <datafield tag="040" ind1=" " ind2=" ">
    <subfield code="a">HLS</subfield>
    <subfield code="c">HLS</subfield>
    <subfield code="d">OCL</subfield>
    <subfield code="d">ZCU</subfield>
  </datafield>
  <datafield tag="099" ind1=" " ind2=" ">
    <subfield code="a">893.795</subfield>
    <subfield code="a">Q29</subfield>
  </datafield>
  <datafield tag="100" ind1="1" ind2=" ">
    <subfield code="a">Qudsī, Ḥusām al-Dīn.</subfield>
  </datafield>
  <datafield tag="245" ind1="1" ind2="0">
    <subfield code="a">Intiqād al-Mughnī ʻan al-ḥifẓ wa-al-kitāb bi-qawlihim lam yaṣaḥḥ shayʾun min al-aḥādīth fī hādā al-bāb /</subfield>
    <subfield code="c">qaṭafahu Ḥusām al-Dīn al-Qudsī.</subfield>
  </datafield>
  <datafield tag="246" ind1="0" ind2=" ">
    <subfield code="i">Title on cover:</subfield>
    <subfield code="a">Intiqād al-Mughnī wa-bayān an lā ghanāʾ ʻan al-ḥifẓ wa-al-kitāb</subfield>
  </datafield>
  <datafield tag="246" ind1="0" ind2=" ">
    <subfield code="a">Tankīt wa-al-ifādah fī takhrīj aḥādīth khātimat sifr al-saʻādah</subfield>
  </datafield>
  <datafield tag="260" ind1=" " ind2=" ">
    <subfield code="a">Dimashq :</subfield>
    <subfield code="b">Maṭbaʻat al-Taraqqī,</subfield>
    <subfield code="c">1925.</subfield>
  </datafield>
  <datafield tag="300" ind1=" " ind2=" ">
    <subfield code="a">56 p. ;</subfield>
    <subfield code="c">23 cm.</subfield>
  </datafield>
  <datafield tag="600" ind1="1" ind2="0">
    <subfield code="a">Mawṣilī, ʻUmar ibn Badr,</subfield>
    <subfield code="d">1161 or 1162-1225 or 1226.</subfield>
    <subfield code="t">Mughnī ʻan al-ḥifẓ wa-al-kitāb.</subfield>
  </datafield>
  <datafield tag="650" ind1=" " ind2="0">
    <subfield code="a">Hadith</subfield>
    <subfield code="x">Criticism, interpretation, etc.</subfield>
  </datafield>
  <datafield tag="700" ind1="1" ind2="2">
    <subfield code="a">Himmātʹzādah, Muḥammad ibn Ḥasan,</subfield>
    <subfield code="d">1680 or 1681-1761 or 1762.</subfield>
    <subfield code="t">Tankīt wa-al-ifādah fī takhrīj aḥādīth khātimat sifr al-saʻādah.</subfield>
  </datafield>
  <datafield tag="955" ind1=" " ind2=" ">
    <subfield code="b">CU58828800</subfield>
    <subfield code="d">off,glx</subfield>
    <subfield code="e">893.795 Q29</subfield>
  </datafield>
</record>
</collection>